
@incollection{Borges_Fiorese_2018,
	address = {Cham},
	title = {A Scoring Method Based on Criteria Matching for Cloud Computing Provider Ranking and Selection},
	volume = {321},
	isbn = {978-3-319-93374-0 978-3-319-93375-7},
	url = {http://link.springer.com/10.1007/978-3-319-93375-7_16},
	abstract = {Cloud computing has become a successful service model for hosting and elastic on demand distribution of computing resources all around the world, using the Internet. This cornerstone paradigm has been adopted and incorporated not only in all major known service providers IT companies (e.g., Google, Amazon, etc.), but also triggered a competitive race at the creation of new companies as providers of cloud computing services. Although this increase on the companies offering cloud computing services is beneﬁtial to the client, on the other hand it challenges the clients’ ability to choose among those companies the most suitable to attend their requirements. Therefore, this work proposes a logical/mathematical scoring method to be used to rank and select among several cloud computing provider candidates the most apropriate to the user. This method is based on the analysis of several criteria comprising performance indicators values required by the user and associated with every cloud computing provider that is able to attend the user’s requirements. The proposed method is composed of a three stages algorithm that evaluates, scores, sorts and selects different cloud providers based on the utility of their performance indicators according to tue values of the performance indicators required by the users. In order to illustrate the proposed method’s operation, example of its utilization is provided.},
	language = {en},
	urldate = {2023-10-15},
	booktitle = {Enterprise {Information} {Systems}},
	publisher = {Springer International Publishing},
	author = {De Moraes, Lucas Borges and Fiorese, Adriano},
	editor = {Hammoudi, Slimane and Śmiałek, Michał and Camp, Olivier and Filipe, Joaquim},
	year = {2018},
	doi = {10.1007/978-3-319-93375-7_16},
	note = {Series Title: Lecture Notes in Business Information Processing},
	pages = {339--365},
	file = {De Moraes and Fiorese - 2018 - A Scoring Method Based on Criteria Matching for Cl.pdf:/home/rittes/Development/Zotero/storage/8Y9M4ZLX/De Moraes and Fiorese - 2018 - A Scoring Method Based on Criteria Matching for Cl.pdf:application/pdf},
}

@article{Kaun_Fiorese,
	title = {Seleção de Provedores de Nuvem através do Auxı́lio de Aprendizado de Máquina Automatizado},
	language = {pt},
	author = {Hopfer, Kaua B and Fiorese, Adriano},
	file = {Hopfer and Fiorese - Selec¸a˜o de Provedores de Nuvem atrave´s do Aux´ı.pdf:/home/rittes/Development/Zotero/storage/9RTWK5UH/Hopfer and Fiorese - Selec¸a˜o de Provedores de Nuvem atrave´s do Aux´ı.pdf:application/pdf},
}

@incollection{gomes_computacao_2020,
	edition = {1},
	title = {Computação Serverless: Conceitos, Aplicações e Desafios},
	isbn = {9786587003337},
	shorttitle = {Computação {Serverless}},
	url = {https://sol.sbc.org.br/livros/index.php/sbc/catalog/view/50/232/469-1},
	abstract = {Serverless computing is a novel application deployment model that provides scaling, ﬁnegrained billing, and platform decoupling for developers. This model has the potential for changing the landscape of technology development for users and cloud providers. In this short course, we present the Serverless Computing state of the art: concepts, limitations, use cases, research opportunities, caveats, and a view on some current platforms.},
	language = {pt},
	urldate = {2023-09-22},
	booktitle = {Minicursos do {XXXVIII} {Simpósio} {Brasileiro} de {Redes} de {Computadores} e {Sistemas} {Distribuídos}},
	publisher = {SBC},
	author = {Vieira, André and Pantuza, Gustavo and Freire, Jean and Duarte, Lucas and Pacífico, Racyus and Vieira, Marcos and Vieira, Luiz and Nacif, José},
	editor = {Gomes, Danielo and Moraes, Igor and Campista, Miguel},
	month = dec,
	year = {2020},
	doi = {10.5753/sbc.5033.7.5},
	pages = {190--236},
	file = {Vieira et al. - 2020 - Computação Serverless Conceitos, Aplicações e Des.pdf:/home/rittes/Development/Zotero/storage/CBPKJ98L/Vieira et al. - 2020 - Computação Serverless Conceitos, Aplicações e Des.pdf:application/pdf},
}

@book{Multi_criteria_2013,
	address = {Chichester, West Sussex, United Kingdom},
	title = {Multi-criteria decision analysis: methods and software},
	isbn = {978-1-118-64491-1 978-1-118-64490-4 978-1-118-64492-8},
	shorttitle = {Multi-criteria decision analysis},
	language = {en},
	publisher = {Wiley},
	author = {Ishizaka, Alessio and Nemery, Philippe},
	year = {2013},
	keywords = {Data processing, Decision support systems, Multiple criteria decision making},
	file = {Ishizaka and Nemery - 2013 - Multi-criteria decision analysis methods and soft.pdf:/home/rittes/Development/Zotero/storage/UJ9YRTJF/Ishizaka and Nemery - 2013 - Multi-criteria decision analysis methods and soft.pdf:application/pdf},
}

@article{castro2019,
  title={The rise of serverless computing},
  author={Castro, Paul and Ishakian, Vatche and Muthusamy, Vinod and Slominski, Aleksander},
  journal={Communications of the ACM},
  volume={62},
  number={12},
  pages={44--54},
  year={2019},
  publisher={ACM New York, NY, USA}
}

@article{wen2023rise,
  title={Rise of the planet of serverless computing: A systematic review},
  author={Wen, Jinfeng and Chen, Zhenpeng and Jin, Xin and Liu, Xuanzhe},
  journal={ACM Transactions on Software Engineering and Methodology},
  volume={32},
  number={5},
  pages={1--61},
  year={2023},
  publisher={ACM New York, NY, USA}
}

@article{ayala2013metodos,
  title={M{\'e}todos de an{\'a}lise multicriterial: uma revis{\~a}o das for{\c{c}}as e fraquezas},
  author={Ayala, N{\'e}stor Fabi{\'a}n and Frank, Alejandro Germ{\'a}n},
  journal={Semana de Engenharia de Produ{\c{c}}{\~a}o Sul Americana (13.: 2013 jun. 9-11: Gramado, RS). Anais..[recurso eletr{\^o}nico]. Porto Alegre: FEEng, 2013.},
  year={2013}
}

@techreport{benchmarkMooner,
    author = {Moneer Rifai},
    title = {Serverless showdown: AWS Lambda vs Azure Functions vs Google Cloud Functions},
    year = {2023},
    url = {https://www.pluralsight.com/resources/blog/cloud/serverless-showdown-aws-lambda-vs-azure-functions-vs-google-cloud-functions}
}

% AHP
% Vantagens
@article{RODRÍGUEZ2008toma,
  title={Toma Decisión Multicriteria con AHP, ANP Y Lógica Difusa},
  author={RODRÍGUEZ, S},
  url={http://srodriguezb.googlepag es.com/estado_arte_evaluar.pdf}
}

@article{norris1995ius,
  title={Multiattribute Decision Analysis Method for Evaluating Buildings and Building Systems},
  author={Norris, Gregory A and Marshall, Harold E},
  year={1995}
}

@article{VilasAnalise,
  title={Análise da Aplicação de Métodos Multicritérios de Apoio à Decisão (MMAD) na Gestão de
Recursos Hídricos.},
  author={VILAS, C},
  url={http://www.cprm.gov.br/rehi/simposio/go/An
alise%20da%20Aplicacao%20de%20Metodos%20Multicriterios%20de%20Apoio%20a%20Decisao%20na%20
Gestao%20de%20Recursos%20Hidricos.pdf.}
}

@article{liberatore1997group,
  title={Group decision making in higher education using the analytic hierarchy process},
  author={Liberatore, Matthew J and Nydick, Robert L},
  journal={Research in Higher Education},
  volume={38},
  pages={593--614},
  year={1997},
  publisher={Springer}
}

@article{salomon1999justificativas,
  title={Justificativas para aplica{\c{c}}{\~a}o do m{\'e}todo de an{\'a}lise hier{\'a}rquica},
  author={Salomon, Val{\'e}rio P and MONTEVECHI, Jos{\'e} AB and Pamplona, Edson O},
  journal={Encontro Nacional de Engenharia de Produ{\c{c}}{\~a}o},
  volume={19},
  year={1999}
}

@article{boucher1997comparison,
  title={A comparison between two multiattribute decision methodologies used in capital investment decision analysis},
  author={Boucher, Thomas O and Gogus, Ozerk and Wicks, Elin M},
  journal={The Engineering Economist},
  volume={42},
  number={3},
  pages={179--202},
  year={1997},
  publisher={Taylor \& Francis}
}

@article{wang2008fuzzy,
  title={A fuzzy multi-criteria decision-making model for trigeneration system},
  author={Wang, Jiang-Jiang and Jing, You-Yin and Zhang, Chun-Fa and Shi, Guo-Hua and Zhang, Xu-Tao},
  journal={Energy Policy},
  volume={36},
  number={10},
  pages={3823--3832},
  year={2008},
  publisher={Elsevier}
}

% DESVANTAGENS
@article{morita1999modelos,
  title={Modelos para estruturar e avaliar alternativas de decis{\~a}o em Tecnologia da Informa{\c{c}}{\~a}o},
  author={Morita, Hideyuki and Shimizu, Tamio and LAURINDO, FJL},
  journal={ENEGEP--Encontro nacional de engenharia de produ{\c{c}}{\~a}o},
  volume={19},
  year={1999}
}

@article{gomes2003conceitos,
  title={Conceitos b{\'a}sicos do Apoio Multicrit{\'e}rio {\`a} Decis{\~a}o e sua aplica{\c{c}}{\~a}o no Projeto Aerodesign},
  author={Gomes, Eliane Gon{\c{c}}alves and Leta, Fabiana Rodrigues and Pessolani, Raul Bernardo Vidal and others},
  journal={Engevista},
  year={2003}
}

@article{guglielmetti2003comparaccao,
  title={Compara{\c{c}}{\~a}o te{\'o}rica entre m{\'e}todos de aux{\'\i}lio {\`a} tomada de decis{\~a}o por m{\'u}ltiplos crit{\'e}rios},
  author={Guglielmetti, Fernando Ribeiro and Marins, Fernando Augusto Silva and Salomon, Val{\'e}rio Antonio Pamplona},
  journal={Encontro Nacional de Engenharia de Produ{\c{c}}{\~a}o},
  volume={23},
  year={2003}
}

@mastersthesis{liu2008access,
  title={Access network selection in a 4G networking environment},
  author={Liu, Yang},
  year={2008},
  school={University of Waterloo}
}

@book{saaty2013analytic,
  title={The analytic network process},
  author={Saaty, Thomas L and Vargas, Luis G and Saaty, Thomas L and Vargas, Luis G},
  year={2013},
  publisher={Springer}
}

@article{linkov2008appendix,
  title={Appendix A: Multi-criteria decision analysis},
  author={Linkov, I and Steevens, J},
  journal={Advances in experimental medicine and biology},
  volume={619},
  pages={815},
  year={2008},
  publisher={Springer}
}

@article{kangas2005multiple,
  title={Multiple criteria decision support in forest management—the approach, methods applied, and experiences gained},
  author={Kangas, Jyrki and Kangas, Annika},
  journal={Forest ecology and management},
  volume={207},
  number={1-2},
  pages={133--143},
  year={2005},
  publisher={Elsevier}
}